<record xmlns="http://www.loc.gov/MARC21/slim" xmlns:xsi="http://www.w3.org/2001/XMLSchema-instance" xsi:schemaLocation="http://www.loc.gov/MARC21/slim http://www.loc.gov/standards/marcxml/schema/MARC21slim.xsd"><leader>03350nam a2200457   4500</leader><controlfield tag="001">1931814</controlfield><controlfield tag="003">NIC</controlfield><controlfield tag="006">m        d        </controlfield><controlfield tag="007">cr cn |||m|||a</controlfield><controlfield tag="008">150222s1960    sy      o     000 0 ara d</controlfield><datafield ind1=" " ind2=" " tag="040"><subfield code="a">NNU</subfield><subfield code="b">eng</subfield><subfield code="e">rda</subfield><subfield code="c">NNU</subfield></datafield><datafield ind1=" " ind2="4" tag="050"><subfield code="a">PJ6075</subfield><subfield code="b">.H8 1960</subfield></datafield><datafield ind1="1" ind2=" " tag="100"><subfield code="6">880-01</subfield><subfield code="a">H&#803;usayn, Muh&#803;ammad al-Khid&#803;r,</subfield><subfield code="e">author.</subfield></datafield><datafield ind1="1" ind2="0" tag="245"><subfield code="6">880-02</subfield><subfield code="a">Dira&#772;sa&#772;t fi&#772; al-&#699;Arabi&#772;yah wa-ta&#772;ri&#772;khiha&#772; /</subfield><subfield code="c">li-fad&#803;lat al-ustadh al-akbar li-Muh&#803;ammad al-Khid&#803;r H&#803;usayn, shi&#772;kh al-ja&#772;ma'a al-Azhar wu&#772; 'adw al-mujma' al-lughawi&#772; fi&#772; al-Qa&#772;hirah wu mujma' al-'ilmy al-'arabi&#772; fi&#772; Di&#772;mashq.</subfield></datafield><datafield ind1=" " ind2=" " tag="250"><subfield code="6">880-03</subfield><subfield code="a">al-T&#803;ab'ah al-thaniyah.</subfield></datafield><datafield ind1=" " ind2="1" tag="264"><subfield code="6">880-04</subfield><subfield code="a">Dimashq :</subfield><subfield code="b">al-Maktab al-Isla&#772;mi&#772; wa maktabat da&#772;r al-fatih&#803;,</subfield><subfield code="c">1960.</subfield></datafield><datafield ind1=" " ind2=" " tag="300"><subfield code="a">online resource (286 pages)</subfield></datafield><datafield ind1=" " ind2=" " tag="336"><subfield code="a">text</subfield><subfield code="2">rdacontent</subfield></datafield><datafield ind1=" " ind2=" " tag="337"><subfield code="a">computer</subfield><subfield code="2">rdamedia</subfield></datafield><datafield ind1=" " ind2=" " tag="338"><subfield code="a">online resource</subfield><subfield code="2">rdacarrier</subfield></datafield><datafield ind1=" " ind2=" " tag="500"><subfield code="a">Part of the Arabic Collections Online (ACO) project, contributed by Cornell University Libraries.</subfield></datafield><datafield ind1=" " ind2=" " tag="500"><subfield code="6">880-05</subfield><subfield code="a">" Abh&#803;a&#772;th al-kita&#772;b : al-qi&#772;a&#772;s fi&#772; al-lughah -- h&#803;aya&#772;t al-lughah -- al-istisha&#772;d bi-al-h&#803;adi&#772;th -- al-tad&#803;mi&#772;n -- taysi&#772;r wad&#803;i&#699; al-mus&#803;t&#803;alah&#803;a&#772;t al-t&#803;ibiyah wa tawh&#803;ydaha&#772; -- h&#803;awl tabsi&#772;t&#803; qawa&#772;&#699;d al-nah&#803;w wa al-s&#803;arf wa al-rad &#699;alayha&#772; -- al-imta&#772;&#699; bima&#772; yatwaqaf ta&#700;ni&#772;thhu &#699;ala&#769; al-sama&#772;&#699;."</subfield></datafield><datafield ind1=" " ind2=" " tag="533"><subfield code="a">Electronic reproduction.</subfield><subfield code="b">New York, N.Y. :</subfield><subfield code="c">New York University,</subfield><subfield code="d">2015.</subfield><subfield code="5">NNU</subfield></datafield><datafield ind1=" " ind2="0" tag="650"><subfield code="a">Arabic language</subfield><subfield code="x">History.</subfield></datafield><datafield ind1=" " ind2="0" tag="650"><subfield code="a">Linguistic analysis (Linguistics)</subfield></datafield><datafield ind1=" " ind2="7" tag="650"><subfield code="a">Arabic language.</subfield><subfield code="2">fast</subfield><subfield code="0">(OCoLC)fst00812287</subfield></datafield><datafield ind1=" " ind2="7" tag="655"><subfield code="a">History.</subfield><subfield code="2">fast</subfield><subfield code="0">(OCoLC)fst01411628</subfield></datafield><datafield ind1="1" ind2=" " tag="700"><subfield code="6">880-06</subfield><subfield code="a">Bayt&#803;a&#772;r, Muh&#803;ammad Bahjat,</subfield><subfield code="e">writer of introduction.</subfield></datafield><datafield ind1="2" ind2=" " tag="710"><subfield code="a">Cornell University.</subfield><subfield code="b">Libraries.</subfield></datafield><datafield ind1="0" ind2=" " tag="730"><subfield code="a">Arabic Collections Online.</subfield></datafield><datafield ind1="0" ind2="8" tag="776"><subfield code="i">Online version:</subfield><subfield code="a">H&#803;usayn, Muh&#803;ammad al-Khid&#803;r.</subfield><subfield code="t">Dira&#772;sa&#772;t fi&#772; al-&#699;Arabi&#772;yah wa-ta&#772;ri&#772;khiha&#772;.</subfield><subfield code="b">[al-T&#803;ab&#699;ah 2.].</subfield><subfield code="d">Damascus, al-Maktab al-Isla&#772;mi&#772; [1960]</subfield><subfield code="w">(OCoLC)583335974</subfield></datafield><datafield ind1="0" ind2="8" tag="776"><subfield code="i">Print version:</subfield><subfield code="a">H&#803;usayn, Muh&#803;ammad al-Khid&#803;r, author.</subfield><subfield code="t">Dira&#772;sa&#772;t fi&#772; al-&#699;Arabi&#772;yah wa-ta&#772;ri&#772;khiha&#772;</subfield><subfield code="w">(NIC)1931814</subfield><subfield code="w">(OCoLC)18197486</subfield></datafield><datafield ind1="4" ind2="0" tag="856"><subfield code="u">http://hdl.handle.net/2333.1/cvdncn11</subfield></datafield><datafield ind1="1" ind2=" " tag="880"><subfield code="6">100-01/r</subfield><subfield code="a">&#1581;&#1587;&#1610;&#1606;, &#1605;&#1581;&#1605;&#1583; &#1582;&#1590;&#1585;,</subfield><subfield code="e">author.</subfield></datafield><datafield ind1="1" ind2="0" tag="880"><subfield code="6">245-02/r</subfield><subfield code="a">&#1583;&#1585;&#1575;&#1587;&#1575;&#1578; &#1601;&#1610; &#1575;&#1604;&#1593;&#1585;&#1576;&#1610;&#1577; &#1608; &#1578;&#1575;&#1585;&#1610;&#1582;&#1607;&#1575; /</subfield><subfield code="c">&#1604;&#1601;&#1590;&#1610;&#1604;&#1577; &#1575;&#1604;&#1575;&#1587;&#1578;&#1575;&#1584; &#1575;&#1604;&#1571;&#1603;&#1576;&#1585; &#1605;&#1581;&#1605;&#1583; &#1575;&#1604;&#1582;&#1590;&#1585; &#1581;&#1587;&#1610;&#1606;, &#1588;&#1610;&#1582; &#1575;&#1604;&#1580;&#1575;&#1605;&#1593; &#1575;&#1604;&#1571;&#1586;&#1607;&#1585; &#1608; &#1593;&#1590;&#1608; &#1575;&#1604;&#1605;&#1580;&#1605;&#1593; &#1575;&#1604;&#1604;&#1594;&#1608;&#1610; &#1601;&#1610; &#1575;&#1604;&#1602;&#1575;&#1607;&#1585;&#1577; &#1608; &#1575;&#1604;&#1605;&#1580;&#1605;&#1593; &#1575;&#1604;&#1593;&#1604;&#1605;&#1610; &#1575;&#1604;&#1593;&#1585;&#1576;&#1610; &#1601;&#1610; &#1583;&#1605;&#1588;&#1602;.</subfield></datafield><datafield ind1=" " ind2=" " tag="880"><subfield code="6">250-03/r</subfield><subfield code="a">&#1575;&#1604;&#1591;&#1576;&#1593;&#1577; &#1575;&#1604;&#1579;&#1575;&#1606;&#1610;&#1577;.</subfield></datafield><datafield ind1=" " ind2="1" tag="880"><subfield code="6">264-04/r</subfield><subfield code="a">&#1583;&#1605;&#1588;&#1602; :</subfield><subfield code="b">&#1575;&#1604;&#1605;&#1603;&#1578;&#1576; &#1575;&#1604;&#1575;&#1587;&#1604;&#1575;&#1605;&#1610; &#1608; &#1605;&#1603;&#1578;&#1576;&#1577; &#1583;&#1575;&#1585; &#1575;&#1604;&#1601;&#1578;&#1581;&#1548;</subfield><subfield code="c">1960.</subfield></datafield><datafield ind1=" " ind2=" " tag="880"><subfield code="6">500-05/r</subfield><subfield code="a">"&#1571;&#1576;&#1581;&#1575;&#1579; &#1575;&#1604;&#1603;&#1578;&#1575;&#1576; : &#1575;&#1604;&#1602;&#1610;&#1575;&#1587; &#1601;&#1610; &#1575;&#1604;&#1604;&#1594;&#1577; -- &#1581;&#1610;&#1575;&#1577; &#1575;&#1604;&#1604;&#1594;&#1577; -- &#1575;&#1604;&#1575;&#1587;&#1578;&#1588;&#1607;&#1575;&#1583; &#1576;&#1575;&#1604;&#1581;&#1583;&#1610;&#1579; -- &#1575;&#1604;&#1578;&#1590;&#1605;&#1610;&#1606; -- &#1578;&#1610;&#1587;&#1610;&#1585; &#1608; &#1590;&#1593; &#1575;&#1604;&#1605;&#1589;&#1591;&#1604;&#1581;&#1575;&#1578; &#1575;&#1604;&#1591;&#1576;&#1610;&#1577; &#1608; &#1578;&#1608;&#1581;&#1610;&#1583;&#1607;&#1575; -- &#1581;&#1608;&#1604; &#1578;&#1576;&#1587;&#1610;&#1591; &#1602;&#1608;&#1575;&#1593;&#1583; &#1575;&#1604;&#1606;&#1581;&#1608; &#1608; &#1575;&#1604;&#1589;&#1585;&#1601; &#1608; &#1575;&#1604;&#1585;&#1583; &#1593;&#1604;&#1610;&#1607;&#1575; -- &#1575;&#1604;&#1575;&#1605;&#1578;&#1575;&#1593; &#1576;&#1605;&#1575; &#1610;&#1578;&#1608;&#1602;&#1601; &#1578;&#1571;&#1606;&#1610;&#1579;&#1607; &#1593;&#1604;&#1609; &#1575;&#1604;&#1587;&#1605;&#1575;&#1593;."</subfield></datafield><datafield ind1="1" ind2=" " tag="880"><subfield code="6">700-06/r</subfield><subfield code="a">&#1576;&#1610;&#1591;&#1575;&#1585;&#1548; &#1605;&#1581;&#1605;&#1583; &#1576;&#1607;&#1580;&#1577;,</subfield><subfield code="e">writer of introduction.</subfield></datafield><datafield ind1=" " ind2=" " tag="959"><subfield code="a">NNU</subfield><subfield code="b">WEB</subfield><subfield code="c">GENI</subfield><subfield code="t">0</subfield><subfield code="m">Electronic access</subfield><subfield code="s">01</subfield></datafield><datafield ind1=" " ind2=" " tag="999"><subfield code="i">NIC_1931814</subfield><subfield code="o">(OCoLC)ocm18197486</subfield><subfield code="s">cornell_aco000112</subfield></datafield></record>